@misc{web:lang:stats,
  author = {Alex I. Kuznetsov},
  title = {Why use a soft CPU core?},
  year = {2019},
  url = {https://lxp32.github.io/docs/why-use-a-soft-cpu-core/}
}

@inproceedings{tong:1984,
  title={Soft-Core Processors for Embedded Systems},
  author={Jason G. Tong and Ian D. Alerson and Mohammed A. S. Khalid},
  year={2007},
  doi  ="10.1109/ICM.2006.373294",
  publisher={University of Windsor}
}

@misc{web:lang:stats,
  author = {Wikipedia},
  title = {Amber (processor)},
  url = {https://en.wikipedia.org/wiki/Amber_(processor)}
}

@misc{web:lang:stats,
  author = {University of Cambridge},
  title = {Bluespec Extensible RISC Implementation (BERI)},
  url = {https://www.cl.cam.ac.uk/research/security/ctsrd/beri/}
}


@inproceedings{jayakrishnan:1984,
  title={Embedded Processors on FPGA: Soft vs Hard},
  author={Vivek Jayakrishnan and Chirag Parikh},
  year={2019},
  publisher={Grand Valley State University}
}

@misc{web:lang:stats,
  author = {Conor Santifort},
  title = {Amber ARM-compatible core},
  url = {https://opencores.org/projects/amber}
}

@misc{web:lang:stats,
  author = {Doru Cuturela},
  title = {pAVR},
  url = {https://opencores.org/projects/pavr}
}

@misc{web:lang:stats,
  author = {European Space Agency},
  title = {LEON2-FT},
  url = {https://www.esa.int/Enabling_Support/Space_Engineering_Technology/Microelectronics/LEON2-FT}
}

@misc{web:lang:stats,
  author = {Wikipedia},
  title = {LEON2},
  url = {https://en.wikipedia.org/wiki/LEON}
}

@misc{web:lang:stats,
  author = {Gaisler},
  title = {LEON3FT Fault-tolerant processor},
  url = {https://www.gaisler.com/index.php/products/processors/leon3ft}
}

@misc{web:lang:stats,
  author = {Wikipedia},
  title = {OpenCores},
  url = {https://en.wikipedia.org/wiki/OpenCores}
}
